<record><leader>00000cas a2200000 a 4500</leader><controlfield tag="001">12190835</controlfield><controlfield tag="008">850624d19311958ksudr ne      0    0eng d</controlfield><datafield ind1=" " ind2=" " tag="010"><subfield code="a">sn 85030444 </subfield></datafield><datafield ind1=" " ind2=" " tag="040"><subfield code="a">KSH</subfield><subfield code="b">eng</subfield><subfield code="c">KSH</subfield><subfield code="d">NPT</subfield><subfield code="d">OCL</subfield><subfield code="d">OCLCQ</subfield></datafield><datafield ind1=" " ind2=" " tag="042"><subfield code="a">msc</subfield></datafield><datafield ind1="0" ind2=" " tag="130"><subfield code="a">Caney daily chronicle (Caney, Kan. : 1931)</subfield></datafield><datafield ind1="1" ind2="0" tag="245"><subfield code="a">Caney daily chronicle.</subfield></datafield><datafield ind1=" " ind2=" " tag="260"><subfield code="a">Caney, Kan. :</subfield><subfield code="b">L.T. Perrill,</subfield><subfield code="c">1931-1958.</subfield></datafield><datafield ind1=" " ind2=" " tag="300"><subfield code="a">24 v. :</subfield><subfield code="b">ill. ;</subfield><subfield code="c">55 cm.</subfield></datafield><datafield ind1=" " ind2=" " tag="310"><subfield code="a">Daily (except Sunday)</subfield></datafield><datafield ind1="0" ind2=" " tag="362"><subfield code="a">Vol. 12, no. 123 (Apr. 18, 1931)-v. 36, no. 169 (May 29, 1958).</subfield></datafield><datafield ind1=" " ind2=" " tag="500"><subfield code="a">Published by: Earl A. Wright &amp; H.K. George, Dec. 1, 1943-Dec. 29, 1944; Mr. &amp; Mrs. H.K. George, Jan. 1, 1945-July 11, 1947; H.K. George, July 14, 1947-May 29, 1958.</subfield></datafield><datafield ind1=" " ind2=" " tag="752"><subfield code="a">United States</subfield><subfield code="b">Kansas</subfield><subfield code="c">Montgomery</subfield><subfield code="d">Caney.</subfield></datafield><datafield ind1="0" ind2="0" tag="780"><subfield code="t">Daily chronicle (Caney, Kan. : 1927)</subfield><subfield code="w">(DLC)sn 85030443</subfield></datafield><datafield ind1="0" ind2="0" tag="785"><subfield code="t">Caney chronicle (Caney, Kan. : 1958)</subfield><subfield code="w">(DLC)sn 85031337</subfield></datafield></record>